<?xml version="1.0" encoding="UTF-8"?><collection xmlns="http://www.loc.gov/MARC21/slim"><record><leader>00553nam--2200205-u-4500</leader><controlfield tag="001">000053059</controlfield><controlfield tag="002">20161230</controlfield><controlfield tag="005">20161230201050</controlfield><controlfield tag="008">110104s1000------------r-----000-0-eng-d</controlfield><datafield ind1=" " ind2=" " tag="020"><subfield code="a">0198507380</subfield></datafield><datafield ind1=" " ind2=" " tag="040"><subfield code="a">IFIN-HH</subfield></datafield><datafield ind1=" " ind2=" " tag="080"><subfield code="a">538(915+935+958)</subfield></datafield><datafield ind1="1" ind2=" " tag="100"><subfield code="a">Imry, Yoseph</subfield></datafield><datafield ind1="1" ind2="0" tag="245"><subfield code="a">Introduction to mesoscopic physics</subfield><subfield code="c">Yoseph imry</subfield></datafield><datafield ind1=" " ind2=" " tag="250"><subfield code="a">Second Edition</subfield></datafield><datafield ind1=" " ind2=" " tag="260"><subfield code="a">Oxford</subfield><subfield code="b">Oxford University Press</subfield><subfield code="c">2005</subfield></datafield><datafield ind1=" " ind2=" " tag="300"><subfield code="a">236P</subfield></datafield><datafield ind1=" " ind2=" " tag="490"><subfield code="a">Mesascopic Physics And Nanotechnology</subfield></datafield><datafield ind1=" " ind2=" " tag="852"><subfield code="a">81715</subfield><subfield code="c">538.9</subfield></datafield><datafield ind1=" " ind2=" " tag="CAT"><subfield code="a">Sys</subfield><subfield code="c">20110104</subfield><subfield code="h">111855</subfield></datafield></record></collection>